<record xmlns:xsi="http://www.w3.org/2001/XMLSchema-instance" xmlns="http://www.loc.gov/MARC21/slim" xsi:schemaLocation="http://www.loc.gov/MARC21/slim http://www.loc.gov/standards/marcxml/schema/MARC21slim.xsd">

  <leader>00648nam a2200193   4500</leader>
  <datafield tag="999" ind2=" " ind1=" ">
    <subfield code="c">3084</subfield>
    <subfield code="d">3084</subfield>
  </datafield>
  <controlfield tag="008">160210b2014    cr ||||| |||| 00| | spa d</controlfield>
  <datafield ind1=" " ind2=" " tag="090">
    <subfield code="a">06.02.01</subfield>
    <subfield code="b">2188</subfield>
  </datafield>
  <datafield tag="100" ind2=" " ind1="1">
    <subfield code="9">731</subfield>
    <subfield code="a">Rescia Chinchilla, Lucía </subfield>
  </datafield>
  <datafield ind1="1" tag="245" ind2="0">
    <subfield code="a">Capacitación a personal docente en procesos de enseñanza y aprendizaje /</subfield>
  </datafield>
  <datafield ind1=" " tag="260" ind2=" ">
    <subfield code="a">[San José, Costa Rica] :</subfield>
    <subfield code="b">INIE,</subfield>
    <subfield code="c">2014</subfield>
  </datafield>
  <datafield ind1=" " ind2=" " tag="300">
    <subfield code="a">14 páginas</subfield>
  </datafield>
  <datafield ind2=" " tag="500" ind1=" ">
    <subfield code="a">Informe Proyecto de Acción Social ED-2819</subfield>
  </datafield>
  <datafield ind2=" " tag="500" ind1=" ">
    <subfield code="a">La Unidad posee informe 2014, 2016</subfield>
  </datafield>
  <datafield tag="650" ind2="0" ind1=" ">
    <subfield code="9">729</subfield>
    <subfield code="a">CAPACITACIÓN</subfield>
  </datafield>
  <datafield tag="650" ind2="0" ind1=" ">
    <subfield code="9">331</subfield>
    <subfield code="a">DOCENTES</subfield>
  </datafield>
  <datafield ind1=" " tag="650" ind2="0">
    <subfield code="9">456</subfield>
    <subfield code="a">EDUCACIÓN SECUNDARIA</subfield>
  </datafield>
  <datafield ind1=" " ind2="0" tag="650">
    <subfield code="9">1471</subfield>
    <subfield code="a">PROYECTO DE ACCIÓN SOCIAL</subfield>
  </datafield>
  <datafield tag="942" ind2=" " ind1=" ">
    <subfield code="2">z</subfield>
    <subfield code="c">04</subfield>
  </datafield>
</record>